@incollection{Nguyen2019,
  doi = {10.1007/978-3-030-33676-9_31},
  url = {https://doi.org/10.1007/978-3-030-33676-9_31},
  year = {2019},
  publisher = {Springer International Publishing},
  pages = {442--455},
  author = {The-Gia Leo Nguyen and Lynton Ardizzone and Ullrich K\"{o}the},
  title = {Training Invertible Neural Networks as Autoencoders},
  booktitle = {Lecture Notes in Computer Science}
}


@incollection{bottleneck_picture,
  doi = {10.1007/978-3-030-11821-1_17},
  url = {https://doi.org/10.1007/978-3-030-11821-1_17},
  year = {2019},
  publisher = {Springer International Publishing},
  pages = {313--331},
  author = {Lukas Hollenstein and Lukas Lichtensteiger and Thilo Stadelmann and Mohammadreza Amirian and Lukas Budde and J\"{u}rg Meierhofer and Rudolf M. F\"{u}chslin and Thomas Friedli},
  title = {Unsupervised Learning and Simulation for Complexity Management in Business Operations},
  booktitle = {Applied Data Science}
}


@incollection{deep_infomax,
      title={Learning deep representations by mutual information estimation and maximization},
      author={R Devon Hjelm and Alex Fedorov and Samuel Lavoie-Marchildon and Karan Grewal and Phil Bachman and Adam Trischler and Yoshua Bengio},
      year={2019},
      eprint={1808.06670},
      archivePrefix={arXiv},
      primaryClass={stat.ML},
      url={http://arxiv.org/abs/1808.06670}
}


@incollection{VAEtutorial,
      title={Tutorial on Variational Autoencoders},
      author={Carl Doersch},
      year={2021},
      eprint={1606.05908},
      archivePrefix={arXiv},
      primaryClass={stat.ML},
      url={http://arxiv.org/abs/1606.05908}
}

@incollection{infotheoretic_vaes,
      title={Understanding Autoencoders with Information Theoretic Concepts},
      author={Shujian Yu and Jose C. Principe},
      year={2019},
      eprint={1804.00057},
      archivePrefix={arXiv},
      primaryClass={cs.LG},
      url={http://arxiv.org/abs/1804.00057}
}

@article{PGNN,
  author    = {Anuj Karpatne and
               William Watkins and
               Jordan S. Read and
               Vipin Kumar},
  title     = {Physics-guided Neural Networks {(PGNN):} An Application in Lake Temperature
               Modeling},
  journal   = {CoRR},
  volume    = {abs/1710.11431},
  year      = {2017},
  url       = {http://arxiv.org/abs/1710.11431},
  archivePrefix = {arXiv},
  eprint    = {1710.11431},
  timestamp = {Wed, 31 Oct 2018 07:26:11 +0100},
  biburl    = {https://dblp.org/rec/journals/corr/abs-1710-11431.bib},
  bibsource = {dblp computer science bibliography, https://dblp.org}
}

@incollection{whenet,
      title={WHENet: Real-time Fine-Grained Estimation for Wide Range Head Pose},
      author={Yijun Zhou and James Gregson},
      year={2020},
      eprint={2005.10353},
      archivePrefix={arXiv},
      primaryClass={cs.CV},
      url={https://arxiv.org/pdf/2005.10353.pdf}
}

@misc{efn,
      title={EfficientNet: Rethinking Model Scaling for Convolutional Neural Networks},
      author={Mingxing Tan and Quoc V. Le},
      year={2020},
      eprint={1905.11946},
      archivePrefix={arXiv},
      primaryClass={cs.LG}
}

@article{300wlp,
   title={Face Alignment in Full Pose Range: A 3D Total Solution},
   volume={41},
   ISSN={1939-3539},
   url={http://dx.doi.org/10.1109/TPAMI.2017.2778152},
   DOI={10.1109/tpami.2017.2778152},
   number={1},
   journal={IEEE Transactions on Pattern Analysis and Machine Intelligence},
   publisher={Institute of Electrical and Electronics Engineers (IEEE)},
   author={Zhu, Xiangyu and Liu, Xiaoming and Lei, Zhen and Li, Stan Z.},
   year={2019},
   month={Jan},
   pages={78â€“92}
}
