@incollection{Nguyen2019,
  doi = {10.1007/978-3-030-33676-9_31},
  url = {https://doi.org/10.1007/978-3-030-33676-9_31},
  year = {2019},
  publisher = {Springer International Publishing},
  pages = {442--455},
  author = {The-Gia Leo Nguyen and Lynton Ardizzone and Ullrich K\"{o}the},
  title = {Training Invertible Neural Networks as Autoencoders},
  booktitle = {Lecture Notes in Computer Science}
}


@incollection{bottleneck_picture,
  doi = {10.1007/978-3-030-11821-1_17},
  url = {https://doi.org/10.1007/978-3-030-11821-1_17},
  year = {2019},
  publisher = {Springer International Publishing},
  pages = {313--331},
  author = {Lukas Hollenstein and Lukas Lichtensteiger and Thilo Stadelmann and Mohammadreza Amirian and Lukas Budde and J\"{u}rg Meierhofer and Rudolf M. F\"{u}chslin and Thomas Friedli},
  title = {Unsupervised Learning and Simulation for Complexity Management in Business Operations},
  booktitle = {Applied Data Science}
}


@misc{deep_infomax,
      title={Learning deep representations by mutual information estimation and maximization},
      author={R Devon Hjelm and Alex Fedorov and Samuel Lavoie-Marchildon and Karan Grewal and Phil Bachman and Adam Trischler and Yoshua Bengio},
      year={2019},
      eprint={1808.06670},
      archivePrefix={arXiv},
      primaryClass={stat.ML}
}


@misc{VAEtutorial,
      title={Tutorial on Variational Autoencoders},
      author={Carl Doersch},
      year={2021},
      eprint={1606.05908},
      archivePrefix={arXiv},
      primaryClass={stat.ML}
}

@misc{infotheoretic_vaes,
      title={Understanding Autoencoders with Information Theoretic Concepts},
      author={Shujian Yu and Jose C. Principe},
      year={2019},
      eprint={1804.00057},
      archivePrefix={arXiv},
      primaryClass={cs.LG}
}
